@Manual{R-base,
  title = {R: A Language and Environment for Statistical Computing},
  author = {{R Core Team}},
  organization = {R Foundation for Statistical Computing},
  address = {Vienna, Austria},
  year = {2024},
  url = {https://www.R-project.org/}
}

@Manual{R-rstudio,
  title = {RStudio: Integrated Development Environment for R},
  author = {{Posit team}},
  organization = {Posit Software, PBC},
  address = {Boston, MA},
  year = {2024},
  url = {http://www.posit.co/},
}

		

@Manual{R-dplyr,
  title = {dplyr: A Grammar of Data Manipulation},
  author = {Hadley Wickham and Romain François and Lionel Henry and Kirill Müller and Davis Vaughan},
  year = {2023},
  note = {R package version 1.1.4},
  url = {https://dplyr.tidyverse.org}
}

@Manual{R-geoAr,
  title = {geoAr: Argentina's Spatial Data Toolbox},
  author = {Juan Pablo Ruiz Nicolini and Patricio Del Boca and Juan Gabriel Juara},
  year = {2024},
  note = {R package version 1.0.0},
  url = {https://github.com/PoliticaArgentina/geoAr}
}

@Manual{R-ggmap,
  title = {ggmap: Spatial Visualization with ggplot2},
  author = {David Kahle and Hadley Wickham and Scott Jackson},
  year = {2025},
  note = {R package version 4.0.1},
  url = {https://github.com/dkahle/ggmap}
}

@Manual{R-ggplot2,
  title = {ggplot2: Create Elegant Data Visualisations Using the Grammar of Graphics},
  author = {Hadley Wickham and Winston Chang and Lionel Henry and Thomas Lin Pedersen and Kohske Takahashi and Claus Wilke and Kara Woo and Hiroaki Yutani and Dewey Dunnington and Teun van den Brand},
  year = {2024},
  note = {R package version 3.5.1},
  url = {https://ggplot2.tidyverse.org}
}

@Manual{R-knitr,
  title = {knitr: A General-Purpose Package for Dynamic Report Generation in R},
  author = {Yihui Xie},
  year = {2025},
  note = {R package version 1.50},
  url = {https://yihui.org/knitr/}
}

@Manual{R-leaflet,
  title = {leaflet: Create Interactive Web Maps with the JavaScript Leaflet Library},
  author = {Joe Cheng and Barret Schloerke and Bhaskar Karambelkar and Yihui Xie},
  year = {2024},
  note = {R package version 2.2.2},
  url = {https://rstudio.github.io/leaflet/}
}
